@misc{JetBrains,
  title = {Kotlin-web-site/docs/topics/tour at master ·
           JETBRAINS/kotlin-web-site},
  howpublished = {\url{
                  https://github.com/JetBrains/kotlin-web-site/tree/master/docs/topics/tour
                  }},
  journal = "{Git}{Hub}",
  author = {JetBrains},
}
@misc{android_developers,
  author = { Ducrohet, Xavier },
  howpublished = {\url{
                  https://android-developers.googleblog.com/2013/05/android-studio-ide-built-for-android.html
                  }},
  title = "{Android} {Studio}: {An} {I}{D}{E} built for {Android}",
  year = {2013},
}
@misc{ESP32_espressif,
  author = {Espressif Systems},
  howpublished = {\url{https://www.espressif.com/en/products/socs/esp32}},
  title = "{Espressif} {Overview}",
}
@misc{devkitv4,
  author = {Espressif Systems},
  howpublished = {\url{
                  https://docs.espressif.com/projects/esp-dev-kits/en/latest/esp32/esp32-devkitc/user
                  \_guide.html}},
  title = "{ESP32}-{Dev}{Kit}{C} {V4} - {User} {Guide}",
}

@manual{esp32wroom32doc,
  title = "{E}{S}{P}32-{W}{R}{O}{O}{M}-32 {Datasheet}",
  organization = {Espressif Systems},
  note = {Disponible en \url{
          https://www.espressif.com/sites/default/files/documentation/esp32-wroom-32
          \_datasheet\_en.pdf}},
}
@manual{esp32d0wdq62doc,
  title = "{E}{S}{P}-32 {Series} {Datasheet}",
  organization = "Espressif Systems",
  note = {Disponible en \url{
          https://www.espressif.com/sites/default/files/documentation/esp32_datasheet_en.pdf
          }},
}
@manual{mq135winson,
  title = "{Air} {Quality} {Gas} {Sensor} ({Model}: {M}{Q}135)",
  organization = {Zhengzhou Winsen Electronics Technology Co.,Ltd},
  year = {2015},
  month = {Marzo},
  note = {Version 1.4},
}
@manual{mq135hanwei,
  title = "{Technical data} {M}{Q}-135 gas sensor",
  organization = {Hanwei Electronics Co.,Ltd},
}
@misc{boschbme280descr,
  author = {Bosch Sensortec},
  howpublished = {\url{
                  https://www.bosch-sensortec.com/products/environmental-sensors/humidity-sensors-bme280/#description
                  }},
  title = "Humidity sensor {B}{M}{E}280",
  note = {8/10/2024},
}
@manual{boschbme280techdata,
  title = "{B}{M}{E}280-{Datasheet}",
  organization = {Bosch Sensortec},
  note = {Disponible en \url{
          https://www.bosch-sensortec.com/media/boschsensortec/downloads/datasheets/bst-bme280-ds002.pdf
          }},
}
@book{Moskala_Wojda_2017b,
  place = {Birmingham, UK},
  title = "Android development with {Kotlin}: {Learn} android application
           development with the extensive features of {Kotlin}",
  publisher = {Packt Publishing},
  author = {Moskala, Marcin and Wojda, Igor},
  year = {2017},
} 
@manual{ec5humedadsuelosensor,
  organization = {Decagon Devices Inc.},
  title = "{Soil} {Moisture} {Sensor} - {User's} {Manual}",
  note = {Disponible en \url{
          https://www.catec.be/uploads/pdf/DEC-EC5-manual_751.pdf}},
}
@misc{ec5image,
  author = {SOLEM},
  title = "{E}{C}-5 {Humidity} {Probe}",
  note = {Recuperado de \url{https://solem-irrigation.com/en/produit/ec-5/}},
}
@misc{mq135image,
  author = {Naylamp Mechatronics},
  title = {Sensor {M}{Q}-135 gas calidad de aire},
  note = {Recuperado de \url{
          https://naylampmechatronics.com/sensores-gas/73-sensor-mq-135-gas-calidad-aire.html
          }},
}
@misc{bme280image,
  author = {Naylamp Mechatronics},
  title = "Sensor {B}{M}{E}280 presión, temperatura y humedad",
  note = {Recuperado de \url{
          https://naylampmechatronics.com/sensores-posicion-inerciales-gps/357-sensor-bme280-presion-temperatura-y-humedad.html
          }},
}
